<?xml version="1.0" encoding="UTF-8"?><collection xmlns="http://www.loc.gov/MARC21/slim"><record><leader>00468nam--2200133-i-4500</leader><controlfield tag="001">000003470</controlfield><controlfield tag="002">20161230</controlfield><controlfield tag="005">20161230201025</controlfield><controlfield tag="008">060222s1000------------r-----000-0-eng-d</controlfield><datafield ind1=" " ind2=" " tag="100"><subfield code="a">Danskwortt, P.W</subfield></datafield><datafield ind1=" " ind2=" " tag="245"><subfield code="a">Lumineszenz-analyse im filtrierten ultra violetten licht. ein hilfsbuch beim arbeiten mit den analysen-lampen. vierte, erweiterte auflage</subfield></datafield><datafield ind1=" " ind2=" " tag="260"><subfield code="a">Leipzig,  Akademische Verlagsgeselschaaft M.B.H., 1940</subfield></datafield><datafield ind1=" " ind2=" " tag="490"><subfield code="a">Viii+21p.+ 8 F</subfield></datafield><datafield ind1=" " ind2=" " tag="852"><subfield code="a">541.14:535.379</subfield></datafield></record></collection>